@Book{Mattila:1995,
 author = {Pertti Mattila},
 title  = {Geometry of Sets and Measures in Euclidian Spaces; Fractals and
Rectifiability},
 publisher = {Cambridge University Press},
 address = {Cambridge},
 year   = 1995,
 ISBN   = {0-521-46576-1}}

@Book{Falconer:1985,
 author = {K. J. Falconer and M. R. Pibb},
 title  = {The Geometry of Fractal Sets},
 publisher = {Cambridge University Press},
 address = {Cambridge},
 year   = 1985,
 ISBN   = {0-521-25694-1}}

@Article{Ruppert:1995,
 author = {Jim Ruppert},
 title  = {A Delaunay Refinement Algorithm for Quality 2-Dimensional Mesh
Generation},
 journal = {Journal of Algorithms},
 volume = 18, number = 3,
 pages = {548--585},
 year   = 1995}
